<collection xmlns="http://www.loc.gov/MARC21/slim">
<record>
  <leader>01807nam0a2200325 i 450 </leader>
  <controlfield tag="001">IT\ICCU\CNCE\012038</controlfield>
  <controlfield tag="005">20170329000000.0</controlfield>
  <datafield tag="012" ind1=" " ind2=" ">
    <subfield code="a">      </subfield>
    <subfield code="2">fei</subfield>
    <subfield code="9">INR</subfield>
  </datafield>
  <datafield tag="100" ind1=" " ind2=" ">
    <subfield code="a">19970101d1566        0itac0103    ba</subfield>
  </datafield>
  <datafield tag="101" ind1=" " ind2=" ">
    <subfield code="a">GRE</subfield>
  </datafield>
  <datafield tag="102" ind1=" " ind2=" ">
    <subfield code="a">IT</subfield>
  </datafield>
  <datafield tag="200" ind1="1" ind2=" ">
    <subfield code="a">Biblion tou Septembriou \-Augoustou! menos</subfield>
  </datafield>
  <datafield tag="210" ind1=" " ind2=" ">
    <subfield code="e">En Benetiais neosti</subfield>
    <subfield code="g">met&apos; epimeleias Gregoriou tou Malaxou aitesei kyriou Iakobou tou Leonkinou</subfield>
    <subfield code="h">1566</subfield>
  </datafield>
  <datafield tag="215" ind1=" " ind2=" ">
    <subfield code="a">12 v.</subfield>
    <subfield code="c">ill.</subfield>
    <subfield code="d">4ʻ</subfield>
  </datafield>
  <datafield tag="300" ind1=" " ind2=" ">
    <subfield code="a">3. v.: 1566 (1567); 4. v.: 1568 (En Benetiais neosti : aitosei kyriou Iakobou tou Leonkinou, 1568);  5.-6. v.: 1568 (En Benetiais neosti : aitosei kyriou Iakobou tou Leonkinou, 1569); 7.-12. v.: 1569 (Enetiesin : en oikia kyriou Iakobou tou Leonkinou, diorthothen para tou  en iereusin elachistou Ioannou tou Nathanaelou, 1569)</subfield>
  </datafield>
  <datafield tag="500" ind1="1" ind2="0">
    <subfield code="3">IT\ICCU\CNCE\037239</subfield>
    <subfield code="a">Menaea &lt;Rito greco&gt;</subfield>
  </datafield>
  <datafield tag="620" ind1=" " ind2=" ">
    <subfield code="a">IT</subfield>
    <subfield code="d">Venezia</subfield>
  </datafield>
  <datafield tag="710" ind1="0" ind2="2">
    <subfield code="a">Chiesa cattolica</subfield>
    <subfield code="3">6731</subfield>
  </datafield>
  <datafield tag="712" ind1="0" ind2="0">
    <subfield code="a">Leoncini, Giacomo</subfield>
    <subfield code="3">IT\ICCU\CNCT\000949</subfield>
    <subfield code="4">650</subfield>
  </datafield>
  <datafield tag="712" ind1="0" ind2="0">
    <subfield code="a">Malaxos, Gregorios</subfield>
    <subfield code="3">IT\ICCU\CNCT\001480</subfield>
    <subfield code="4">650</subfield>
  </datafield>
  <datafield tag="791" ind1="0" ind2="0">
    <subfield code="a">Leoncinus, Iacobus</subfield>
    <subfield code="3">IT\ICCU\CNCT\004944</subfield>
    <subfield code="z">Leoncini, Giacomo</subfield>
  </datafield>
  <datafield tag="791" ind1="0" ind2="0">
    <subfield code="a">Leonzini, Iacomo</subfield>
    <subfield code="3">IT\ICCU\CNCT\004945</subfield>
    <subfield code="z">Leoncini, Giacomo</subfield>
  </datafield>
  <datafield tag="791" ind1="0" ind2="0">
    <subfield code="a">Leoncino, Iacomo</subfield>
    <subfield code="3">IT\ICCU\CNCT\004946</subfield>
    <subfield code="z">Leoncini, Giacomo</subfield>
  </datafield>
  <datafield tag="801" ind1=" " ind2="3">
    <subfield code="a">IT</subfield>
    <subfield code="b">ICCU</subfield>
    <subfield code="c">20201113</subfield>
  </datafield>
  <datafield tag="899" ind1=" " ind2=" ">
    <subfield code="a">Biblioteca Apostolica Vaticana. Citt ̉del Vaticano</subfield>
    <subfield code="1">EX0001</subfield>
    <subfield code="2">ZCV 01</subfield>
  </datafield>
  <datafield tag="899" ind1=" " ind2=" ">
    <subfield code="a">Biblioteca comunale Ariostea. Ferrara</subfield>
    <subfield code="z">MUTILO</subfield>
    <subfield code="1">FE0017</subfield>
    <subfield code="2">UFE AR</subfield>
  </datafield>
  <datafield tag="911" ind1=" " ind2=" ">
    <subfield code="a">nel coloph. dell&apos; 11ʻv.</subfield>
    <subfield code="9">IT\ICCU\CNCM\002074</subfield>
  </datafield>
  <datafield tag="911" ind1=" " ind2=" ">
    <subfield code="a">Sul front. del v. 11</subfield>
    <subfield code="9">IT\ICCU\CNCM\002236</subfield>
  </datafield>
  <datafield tag="921" ind1=" " ind2=" ">
    <subfield code="a">IT\ICCU\CNCM\002074</subfield>
    <subfield code="b">Faina rampante in scudo. In basso: Typos Kounadou. In cornice.</subfield>
    <subfield code="c">U635</subfield>
    <subfield code="f">FAINA</subfield>
    <subfield code="f">SCUDO</subfield>
    <subfield code="g">1566</subfield>
  </datafield>
  <datafield tag="921" ind1=" " ind2=" ">
    <subfield code="a">IT\ICCU\CNCM\002236</subfield>
    <subfield code="b">Iniziali I.L. sormontate da croce al&apos;interno di ghirlanda.</subfield>
    <subfield code="c">U771</subfield>
    <subfield code="f">IL</subfield>
    <subfield code="f">CROCE</subfield>
    <subfield code="f">GHIRLANDA</subfield>
    <subfield code="g">1566-1579</subfield>
  </datafield>
</record>
</collection>
